@TECHREPORT{2047353-TN-02,
  NUMBER = "{2047353-TN-02}",
  TITLE = "{Linear systems of equations and preconditioners relating to the NEPTUNE Programme: A brief overview}",
  AUTHOR = {Alexandrov, V. and Lebedev, A. and Sahin, E. and Thorne, S.},
  INSTITUTION={UKAEA Project Neptune},
  YEAR = 2021
}
@TECHREPORT{2047353-TN-01,
  NUMBER = "{2047353-TN-01}",
  TITLE = "{Priority Equations and Test Cases}",
  AUTHOR = {Thorne, S.},
  INSTITUTION={UKAEA Project Neptune},
  YEAR = 2021
}
@TECHREPORT{2047357-TN-02,
  NUMBER = "{2047357-TN-02-02}",
  TITLE = "{Numerical study of 1D drift kinetic models with periodic boundary conditions}",
  AUTHOR = {Barnes, M. and Parra, F. I. and  Hardman, M. R.},
  INSTITUTION={UKAEA Project Neptune},
  YEAR = 2021
}
@TECHREPORT{2047357-TN-01,
  NUMBER = "{2047357-TN-01-02}",
  TITLE = "{1D drift kinetic models with periodic boundary conditions}",
  AUTHOR = {Parra, F.I and Barnes, M. and Hardman, M.R.},
  INSTITUTION={UKAEA Project Neptune},
  YEAR = 2021
}
@TECHREPORT{2047357-TN-03,
  NUMBER = "{2047357-TN-03-01}",
  TITLE = "{Physics in the edge of fusion devices}",
  AUTHOR = {Parra, F.I and Barnes, M. and Hardman, M.R.},
  INSTITUTION={UKAEA Project Neptune},
  YEAR = 2021
}
@article{Ge19Depe,
  title={Dependence on ion temperature of shallow-angle magnetic presheaths with adiabatic electrons},
  author={Geraldini, A. and Parra, F.I. and Militello, F.},
  journal={Journal of Plasma Physics},
  volume={85},
  number={6},
  year={2019}
}
@TECHREPORT{2047358-TN-01,
  NUMBER = "{2047358-TN-01-02}",
  TITLE = "{Approaches to Performance Portable Applications for Fusion}",
  AUTHOR = {Wright, S. and Dudson, B. and Hill, P. and Dickinson, D. and Mudalige, G.},
  INSTITUTION={UKAEA Project Neptune},
  YEAR = 2021
}
@TECHREPORT{2047358-TN-02,
  NUMBER = "{2047358-TN-02}",
  TITLE = "{Identification of Testbed Platforms and Applications}",
  AUTHOR = {Wright, S. and Dudson, B. and Hill, P. and Dickinson, D. and Mudalige, G.},
  INSTITUTION={UKAEA Project Neptune},
  YEAR = 2021
}
@TECHREPORT{y2re141,
  AUTHOR = {Threlfall, E. and Arter, W. and Parker, J. and Saunders, W.},
  TITLE = "{Winter 2020-21 Workshop}",
  NUMBER = "{CD/EXCALIBUR-FMS/0030-M1.4.1}",
  NOTE={18/3/21},
  INSTITUTION={UKAEA},
  YEAR = 2021
}
@misc{omgumlwebsite,
  title={{OMG: Unified Modelling Language}},
  howpublished={\url{https://www.omg.org/spec/UML/}},
  year={2021},
  note={Accessed: March 2021}
}
@book{prince2,
  title={{Managing Successful Projects with PRINCE2, 6th Edition}},
  author={Axelos Staff and others},
  publisher={ALEXOS},
  year={2017}
}
@TECHREPORT{y2re251,
  AUTHOR = {Threlfall, E. and Arter, W.},
  TITLE = "{Select techniques for MOR (Model Order Reduction)}",
  NUMBER = "{CD/EXCALIBUR-FMS/0031-M2.5.1}",
  NOTE={15/3/21},
  INSTITUTION={UKAEA},
  YEAR = 2021
}
@TECHREPORT{y2d34,
  AUTHOR = {Arter, W. and Parker, J. and Threlfall, E.},
  TITLE = "{Development Plan}",
  NUMBER = "{CD/EXCALIBUR-FMS/0033-D3.4}",
  NOTE={16/3/21},
  INSTITUTION={UKAEA},
  YEAR = 2021
}
@TECHREPORT{y2d33,
  AUTHOR = {Arter, W. and Parker, J. and Threlfall, E.},
  TITLE = "{Module Guide}",
  NUMBER = "{CD/EXCALIBUR-FMS/0032-D3.3}",
  NOTE={15/3/21},
  INSTITUTION={UKAEA},
  YEAR = 2021
}
@misc{rfc2119,
  title={{Keywords  for documentation}},
  howpublished={\url{https://www.ietf.org/rfc/rfc2119.txt}},
  year={2021},
  note={Accessed: March 2021}
}
@misc{pandocwebsite,
  title={{a universal document converter}},
  howpublished={\url{https://pandoc.org}},
  year={2021},
  note={Accessed: March 2021}
}
@misc{readthedocswebsite,
  title={{Create, host, and browse documentation}},
  howpublished={\url{https://readthedocs.org}},
  year={2021},
  note={Accessed: March 2021}
}
@misc{cerberuswebsite,
  title={{Cerberus Python data validation}},
  howpublished={\url{https://github.com/pyeve/cerberus}},
  year={2021},
  note={Accessed: March 2021}
}
@misc{miscwebsite,
  title={{Code generation QPROG style, example of Braginskii plasma transport coefficients}},
  howpublished = {\url{https://github.com/wayne-arter/smardda-misc}},
  YEAR = 2017,
  note={Accessed: December 2020}
}
@misc{reducewebsite,
  title={{reduce-algebra}},
  howpublished={\url{https://sourceforge.net/projects/reduce-algebra/support}},
  year={2020},
  note={Accessed: December 2020}
}
@misc{qprogwebsite,
  title={{QPROG, simple demonstration of software design by aggregation}},
  howpublished = {\url{https://github.com/wayne-arter/smardda-qprog}},
  YEAR = 2015,
  note={Accessed: December 2020}
}
@misc{mfemwebsite,
  title={{MFEM}},
  howpublished={\url{https://www.mfem.org/}},
  year={2020},
  note={Accessed: November 2020}
}
@article{Do20hrad,
  title={hr-adaptivity for nonconforming high-order meshes with the target matrix optimization paradigm},
  author={Dobrev, V. and Knupp, P. and Kolev, T. and Mittal, K. and Tomov, V.},
  journal={arXiv preprint arXiv:2010.02166},
  year={2020}
}
@article{Br16Disc,
  title={Discovering governing equations from data by sparse identification of nonlinear dynamical systems},
  author={Brunton, S.L. and Proctor, J.L. and Kutz, J.N.},
  journal={{Proceedings of the National Academy of Sciences}},
  volume={113},
  number={15},
  pages={3932--3937},
  year={2016}
}
@techreport{Na19Surr,
title={{Surrogate modeling and uncertainty quantification in models of physical systems}},
author ={Najm, H.N.},
number={{SAND2019-5873C (Presentation)}},
institution={{Sandia National Laboratories Livermore, CA, USA}},
year={2019}
}
@article{Pa18Hybr,
  title={Hybrid forecasting of chaotic processes: Using machine learning in conjunction with a knowledge-based model},
  author={Pathak, J. and Wikner, A. and Fussell, R. and Chandra, S. and Hunt, B.R. and Girvan, M. and Ott, E.},
  journal={Chaos: An Interdisciplinary Journal of Nonlinear Science},
  volume={28},
  number={4},
  pages={041101},
  year={2018}
}
@article{St97Code,
  title={{Code-code comparisons of DIVIMP's `onion-skin model'and the EDGE2D fluid code}},
  author={Stangeby, P.C. and Elder, J.D. and Fundamenski, W. and Loarte, A. and Horton, L.D. and Simonini, R. and Taroni, A. and Matthews, O.F. and Monk, R.D.},
  journal={Journal of nuclear materials},
  volume={241},
  pages={358--362},
  year={1997}
}
@misc{Tr20Priz,
title={{John von Neumann Prize Lecture}},
author ={Trefethen, L.N.},
note={{The Second Joint SIAM/CAIMS Annual Meeting (AN20)}},
howpublished={{Off-the-cuff remarks}},
year={{July 6--17, 2020}}
}
@misc{asimovwebsite,
  title={{Neural network zoo website}},
  howpublished={\url{https://www.asimovinstitute.org/neural-network-zoo/}},
  year={2020},
  note={Accessed: October 2020}
}
@misc{Su17Surr,
title={{Surrogate Models for Uncertainty Quantification: an Overview}},
author ={Sudret, B. and Marelli, S.},
note={{European Conference on Antennas and Propagation (EUCAP, 2017)}},
howpublished= {\url{https://www.researchgate.net/publication/317396793_Surrogate_models_for_uncertainty_quantification_An_overview}},
year={2017}
}
@misc{krigingwiki,
  title={{Kriging wiki}},
  howpublished={\url{https://en.wikipedia.org/wiki/Kriging}},
  year={2020},
  note={Accessed: October 2020}
}
@misc{SMwiki,
  title={{Surrogate model wiki}},
  howpublished={\url{https://en.wikipedia.org/wiki/Surrogate_model}},
  year={2020},
  note={Accessed: October 2020}
}
@misc{MORwiki,
  title={{Model order reduction wiki}},
  howpublished={\url{https://en.wikipedia.org/wiki/Model_order_reduction}},
  year={2020},
  note={Accessed: October 2020}
}
@book{gershenfeld,
  title={{The Nature of Mathematical Modeling}},
  author={Gershenfeld, N.},
  publisher={Cambridge University Press},
  year={1999}
}
@misc{Na18Unce,
title={{Uncertainty Quantification in Computational Models of Large Scale Physical Systems}},
author ={Najm, H.},
note={{Seminar, NRC Institure of Marine Engineering, Rome, Italy}},
howpublished= {\url{https://www.osti.gov/servlets/purl/1593073}},
year={2018}
}
@misc{dakotawebsite,
  title={{DAKOTA website}},
  howpublished={\url{https://dakota.sandia.gov}},
  year={2020},
  note={Accessed: October 2020}
}
@misc{svmwiki,
  title={{Support vector machine wiki}},
  howpublished={\url{https://en.wikipedia.org/wiki/Support_vector_machine}},
  year={2020},
  note={Accessed: October 2020}
}
@article{Ge19Prog,
  title={Progress in Scramjet Design Optimization Under Uncertainty Using Simulations of the HIFiRE Direct Connect Rig},
  author={Geraci, G. and Menhorn, F. and Huan, X. and Safta, C. and Marzouk, Y.M. and Najm, H.N. and Eldred, M.S.},
  journal={Conference paper; AIAA Scitech 2019 Forum},
  year={2019},
	note={AIAA paper 2019-0725}
}
@article{Gr49kine,
  title={On the kinetic theory of rarefied gases},
  author={Grad, H.},
  journal={Communications on Pure and Applied Mathematics},
  volume={2},
  number={4},
  pages={331--407},
  year={1949}
}
@article{Gr49Herm,
  title={Note on {N}-dimensional hermite polynomials},
  author={Grad, H.},
  journal={Communications on Pure and Applied Mathematics},
  volume={2},
  number={4},
  pages={325--330},
  year={1949}
}
@article{Pe16Opti,
  title={Optimal model management for multifidelity Monte Carlo estimation},
  author={Peherstorfer, B. and Willcox, K. and Gunzburger, M.},
  journal={SIAM Journal on Scientific Computing},
  volume={38},
  number={5},
  pages={A3163--A3194},
  year={2016}
}
@article{Wi38Homo,
 author = {Wiener, N.},
 title = {The Homogeneous Chaos},
 URL = {http://www.jstor.org/stable/2371268},
 journal = {American Journal of Mathematics},
 number = {4},
 pages = {897--936},
 volume = {60},
 year = {1938}
}
@phdthesis{xiu04,
  title={{Generalized (Wiener-Askey) Polynomial Chaos}},
  author={Xiu, D.},
  year={2004},
  school={Brown University Providence, RI}
}
@article{Hu18Glob,
  title={Global sensitivity analysis and estimation of model error, toward uncertainty quantification in scramjet computations},
  author={Huan, X. and Safta, C. and Sargsyan, K. and Geraci, G. and Eldred, M.S. and Vane, Z.P. and Lacaze, G. and Oefelein, J.C. and Najm, H.N.},
  journal={AIAA Journal},
  volume={56},
  number={3},
  pages={1170--1184},
  year={2018}
}
@article{Pa15Unce,
  title={Uncertainty management in multidisciplinary design of critical safety systems},
  author={Patelli, E. and Alvarez, D.A. and Broggi, M. and Angelis, M. de},
  journal={Journal of Aerospace Information Systems},
  volume={12},
  number={1},
  pages={140--169},
  year={2015}
}
@misc{numpyrandwebsite,
  title={{NumPy Random Generator}},
  howpublished={\url{https://numpy.org/doc/stable/reference/random/generator.html#numpy.random.Generator}},
  year={2020},
  note={Accessed: October 2020}
}
@incollection{Mi13Mult,
  title={{Multi-level Monte-Carlo finite volume methods for uncertainty quantification in nonlinear systems of balance laws}},
  author={Mishra, S. and Schwab, C. and {\v{S}}ukys, J.},
  booktitle={Uncertainty quantification in computational fluid dynamics},
  editor={Bijl, H. and Lucor, D. and Mishra, S. and Schwab, C.},
  pages={225--294},
  year={2013},
  publisher={Springer}
}
@book{chinestaetal,
  title={{The Proper Generalized Decomposition for Advanced Numerical Simulations: A Primer}},
  author={Chinesta, F. and Keunings, R. and Leygue, A.},
  year={2014},
  publisher={{Springer Briefs in Applied Science and Technology}}
}
@article{Gi16Mult,
  title={{Multilevel Monte-Carlo methods}},
  author={Giles, M.B.},
  journal={Acta Numerica},
  volume={24},
  pages={259-328},
  year={2016}
}
@misc{bsd3clause,
  title={{Open source licensing}},
  howpublished={\url{https://opensource.org/licenses/BSD-3-Clause}},
  year={2020},
  note={Accessed: August 2020}
}
@misc{os,
  title={{Government open source guidance}},
  howpublished={\url{https://www.gov.uk/government/publications/open-source-guidance/when-code-should-be-open-or-closed}},
  year={2020},
  note={Accessed: August 2020}
}
@misc{os2,
  title={{Government open source advice}},
  howpublished={\url{https://www.gov.uk/guidance/be-open-and-use-open-source}},
  year={2020},
  note={Accessed: August 2020}
}
@article{De19Phys,
  title={Physics of toroidal gap heat loading on castellated plasma-facing components},
  author={Dejarnac, R.  and Gunn, J.P.  and Vondracek, P.  and Komm, M.  and Panek, R.  and Pitts, R.A.},
  journal={Nuclear Materials and Energy},
  volume={19},
  pages={19--27},
  year={2019}
}
@article{Gu19stud,
  title={{A study of planar toroidal--poloidal beveling of monoblocks on the ITER divertor outer vertical target}},
  author={Gunn, J.P.  and Hirai, T.  and Corre, Y.  and Escourbiac, F.  and Grosjean, A.  and Pitts, R.A.},
  journal={Nuclear Fusion},
  volume={59},
  number={12},
  pages={126043},
  year={2019}
}
@misc{plasmapywebsite,
  title={{Open source Python ecosystem for plasma research and education}},
  howpublished={\url{https://www.plasmapy.org}},
  year={2020},
  note={Accessed: August 2020}
}
@incollection{Sm17Rati,
  author={Smith, W.S.},
  title={{A Rational Document Driven Design Process for Scientific Software}},
  booktitle={{Software Engineering for Science}},
  editor={Carver, J.C. and Chue Hong, N.P. and Thiruvathukal, G.K.},
  pages={27-52},
  year={2017},
  publisher={Chapman and Hall/CRC}
}
@TECHREPORT{y2re333,
  AUTHOR = {Threlfall, E. and Parker, J. and Arter, W.},
  TITLE = "{Design patterns evaluation report}",
  NUMBER = "{CD/EXCALIBUR-FMS/0026-M3.3.3}",
  NOTE={11/12/20, RA 18/12/20},
  INSTITUTION={UKAEA},
  YEAR = 2020
}
@TECHREPORT{y2re313,
  AUTHOR = {Arter, W. and Threlfall, E. and Parker, J.},
  TITLE = "{Report on user layer design for Uncertainty Quantification}",
  NUMBER = "{CD/EXCALIBUR-FMS/0024-M3.1.3}",
  NOTE={14/10/20},
  INSTITUTION={UKAEA},
  YEAR = 2020
}
@TECHREPORT{y2re332,
  AUTHOR = {Arter, W. and Threlfall, E. and Parker, J. and Pamela, S.},
  TITLE = "{Report on design patterns specifications and prototypes}",
  NUMBER = "{CD/EXCALIBUR-FMS/0023-M3.3.2}",
  NOTE={12/8/20, RA 16/8/20},
  INSTITUTION={UKAEA},
  YEAR = 2020
}
@misc{isocppwebsite,
  title={{C++ Core Guidelines}},
  howpublished={\url{https://github.com/isocpp/CppCoreGuidelines/blob/master/CppCoreGuidelines.md}},
  year={2020},
  note={Accessed: August 2020}
}
@TECHREPORT{y2re312,
  AUTHOR = {Arter, W. and Threlfall, E. and Parker, J. and Pamela, S.},
  TITLE = "{Report on user frameworks for tokamak multiphysics}",
  NUMBER = "{CD/EXCALIBUR-FMS/0022-M3.1.2}",
  NOTE={30/6/20, RA 10/8/20},
  INSTITUTION={UKAEA},
  YEAR = 2020
}
@misc{SAMRAI,
  title = {{SAMRAI Structured Adaptive Mesh Refinement Application Infrastructure}},
  author = {Center for Applied Scientific Computing, Lawrence Livermore National Laboratory},
  howpublished = {\url{https://computation.llnl.gov/casc/SAMRAI/}},
  note = {August 2020}
}
@article{Br14ENZO,
  title={{ENZO: an adaptive mesh refinement code for astrophysics}},
  author={{G.L. Bryan, M.L. Norman, B.O'Shea, T. Abel, J.H. Wise, M.J. Turk, D.R. Reynolds, D.C. Collins, P. Wang, S.W. Skillman, B. Smith, R.P. Harkness, J. Bordner, J.-h.  Kim, M. Kuhlen, H. Xu, N.J. Goldbaum, C.B. Hummels, A.G. Kritsuk, E.J. Tasker, S. Skory, C.M. Simpson, O. Hahn, J.S. Oishi, G. So, F. Zhao, R. Cen and Y. Li}},
  journal={Astrophysical Journal Supplement Series},
  year={2014},
  number={2},
  volume={211},
  pages={19}
}
@misc{morfeuswebsite,
  title={{Morfeus - Multi-physics Object-oriented Reconfigurable Fluid Environment for Unified Simulations}},
  howpublished={\url{https://github.com/sourceryinstitute/MORFEUS-Source}},
  year={2020},
  note={Accessed: August 2020}
}
@misc{Rustwebsite,
  title={{Rust programming language}},
  howpublished={\url{https://www.rust-lang.org/}},
  year={2020},
  note={Accessed: August 2020}
}
@article{Lo17Code,
  title={Code Coupling At Scale: Towards The Digital Product},
  author={Longshaw, SM and Skillen, A and Moulinec, C and Emerson, DR},
  booktitle={Advances in Parallel, Distributed, Grid and Cloud Computing for Engineering},
  editor="P. Ivanyi, B.H.V. Topping, and G. Varady",
  publisher={{Saxe-Coburg Publications}},
  year={2017}
}
@article{Al17Mult,
  author = "Alowayyed, S. and Groen, D. and Coveney, P.V. and Hoekstra, A.G.",
  title = "Multiscale computing in the exascale era",
  journal = "Journal of Computational Science",
  volume = "22",
  pages = "15 - 25",
  year = "2017",
  doi = "https://doi.org/10.1016/j.jocs.2017.07.004",
  url = "http://www.sciencedirect.com/science/article/pii/S1877750316302988",
}
@book{stroustroptour,
  author={Stroustrop, B.},
  title={{ A Tour of C++. 2nd Ed.}},
  year={2018},
  publisher={Pearson}
}
@book{gardnermanduchi,
  author={Gardner, H. and Manduchi, G.},
  title={Design Patterns for e-Science},
  year={2007},
  publisher={Springer}
}
@book{darrelince,
  title={{From Data Structures to Patterns}},
  author={Ince, D.},
  publisher={Macmillan},
  year={2000}
}
@article{Ec16guid,
  title={A guide to uncertainty quantification and sensitivity analysis for cardiovascular applications.},
  author={Eck, VG and Donders, WP and Sturdy, J and Feinberg, J and Delhaas, T and Hellevik, LR and Huberts, W},
  journal={International journal for numerical methods in biomedical engineering},
  volume={32},
  number={8},
  year={2016}
}
@techreport{Du16Idea,
  title={Idea Paper: The Lifecycle of Software for Scientific Simulations},
  author={Dubey, A. and McInnes, L.C.},
  year={2016},
  institution={Argonne National Lab.(ANL), Argonne, IL (United States)}
}
@article{Re18Mode,
  author = {{L. M. Reusch and P. Franz and D. J. Den Hartog and J. A. Goetz and M. D. Nornberg and P. VanMeter}},
  title = {{Model Validation for Quantitative X-Ray Measurements}},
  journal = {Fusion Science and Technology},
  volume = {74},
  number = {1-2},
  pages = {167-176},
  year  = {2018}
}
@misc{Pu15cons,
  title={{A consistent set of atomic data for various elements in a fusion reactor (passive emissions / radiative  losses)}},
  author={P\"{u}tterich, T.},
  note={{ADAS Workshop, Catania}},
  howpublished={\url{http://www.adas.ac.uk/2015talks/2015_ADAS_TPuetterich.pdf}},
  year={2015}
}
@book{christopheralexander,
  title={{A Pattern Language: Towns, Buildings, Construction.}},
  author={Alexander, C. and Ishikawa, S. and Silverstein, M. and Jacobson, M. and Fiksdahl-King, I. and Angel, S.},
  publisher={Oxford University Press},
  year={1977}
}
@book{gammahelmjohnsonvlissides,
  title={{Design Patterns: Elements of Reusable Object-Oriented Software.}},
  author={Gamma, E. and Helm, R. and Johnson, R. and Vlissides, J.},
  publisher={Addison-Wesley},
  year={1995}
}
@book{schmidtstalrohnertbuschmann,
  title={{Pattern-Oriented Software Architecture Volume 2: Patterns for Concurrent and Networked Objects}},
  author={Schmidt, D.C. and Stal, M. and Rohnert, H. and Buschmann, F.},
  publisher={Wiley},
  year={2000}
}
@misc{softwarepatternwiki,
  title={{Software Design Pattern wiki}},
  howpublished={\url{https://en.wikipedia.org/wiki/Software_design_pattern}},
  year={2020},
  note={Accessed: July 2020}
}
@article{Fa10MMLt,
  title={MML: towards a multiscale modeling language},
  author={Falcone, J.-L. and Chopard, B. and Hoekstra, A.},
  journal={Procedia Computer Science},
  volume={1},
  number={1},
  pages={819--826},
  year={2010}
}
@misc{yedwebsite,
  title={{yEd Graph Editor}},
  howpublished={\url{https://www.yworks.com/products/yed}},
  year={2020},
  note={Accessed: July 2020}
}
@misc{chaospywebsite,
  title={{ChaosPy -- Uncertainty Quantification Library}},
  author={{Jonathan Feinberg}},
  howpublished={\url{https://chaospy.readthedocs.io/en/master/index.html}},
  year={2020},
  note={Accessed: July 2020}
}
@article{Fe15chao,
  title={Chaospy: An open source tool for designing methods of uncertainty quantification},
  author={Feinberg, J. and Langtangen, H.P.},
  journal={Journal of Computational Science},
  volume={11},
  pages={46--57},
  year={2015}
}
@article{Ab13semi,
  title={A semi-intrusive deterministic approach to uncertainty quantification in non-linear fluid flow problems},
  author={Abgrall, R. and Congedo, P.M.},
  journal={Journal of Computational Physics},
  volume={235},
  pages={828--845},
  year={2013}
}
@misc{compatswwebsite,
  title={{Software resources for ComPat website}},
  author={{ComPat Project}},
  howpublished={\url{https://www.compatproject.eu/software-resources/}},
  year={2020},
  note={Accessed: July 2020}
}
@misc{compatwebsite,
  title={{Computing Patterns for High Performance Multiscale Computing ComPat website}},
  author={{ComPat Project}},
  howpublished={\url{https://www.compatproject.eu/}},
  year={2020},
  note={Accessed: July 2020}
}
@article{Ri20Easy,
  title={EasyVVUQ: A Library for Verification, Validation and Uncertainty Quantification in High Performance Computing},
  author={Richardson, R.A. and Wright, D.W. and Edeling, W. and Jancauskas, V. and Lakhlili, J. and Coveney, P.V.},
  journal={Journal of Open Research Software},
  volume={8},
  number={1},
  year={2020}
}
@article{Wr20Buil,
  title={{Building confidence in simulation: Applications of EasyVVUQ}},
  author={Wright, D.W. and Richardson, R.A. and Edeling, W. and Lakhlili, J. and Sinclair, R.C. and Jancauskas, V. and Suleimenova, D. and Bosak, B. and Kulczewski, M. and Piontek, T. and
Kopta, P. and  Chirca, I. and  Arabnejad, H. and  Luk, O.O. and Hoenen, O. and Weglarz, J. and Crommelin, D. and Groen, D. and Coveney, P.V.},
  journal={Advanced Theory and Simulations},
  pages={1900246},
  year={2020}
}
@inproceedings{Gr19Intr,
  title={{Introducing VECMAtk -- Verification, Validation and Uncertainty Quantification for Multiscale and HPC Simulations}},
  author={Groen, D. and Richardson, R.A. and Wright, D.W. and Jancauskas, V. and Sinclair, R. and Karlshoefer, P. and Vassaux, M. and Arabnejad, H. and Piontek, T. and Kopta, P. and 
Bosak, B. and Lakhlili, J. and Hoenen, O. and Suleimenova, D. and  Edeling, W. and Crommelin, D. and
Nikishova, A. and Coveney, P.V.},
  booktitle={{Lecture Notes in Computer Science}},
  volume={11539},
  pages={479--492},
  year={2019},
  publisher={Springer}
}
@misc{vecmawebsite,
  title={{Verified Exascale Computing for Multiscale Applications VECMA website}},
  author={{VECMA Project}},
  howpublished={\url{http://www.vecma.eu}},
  year={2020},
  note={Accessed: July 2020}
}
@misc{vecmatkwebsite,
  title={{VECMA VVUQ Toolkit VECMAtk website}},
  author={{VECMA Project}},
  howpublished={\url{http://www.vecma-toolkit.eu}},
  year={2020},
  note={Accessed: July 2020}
}
@misc{adaswebsite,
  title={{Atomic Data and Analysis Structure ADAS website}},
  author={{The ADAS Project}},
  howpublished={\url{http://www.adas.ac.uk/}},
  year={2020},
  note={Accessed: July 2020}
}
@misc{openadaswebsite,
  title={Dissemination of Atomic Data and Analysis Structure ADAS website},
  author={{The ADAS Project}},
  howpublished={\url{https://open.adas.ac.uk/}},
  year={2020},
  note={Accessed: July 2020}
}
@misc{williamswebsite,
  title={{Electron Binding Energies}},
  author={{Gwyn Williams}},
  howpublished={\url{https://userweb.jlab.org/~gwyn/ebindene.html}},
  year={2000},
  note={Accessed: July 2020}
}
@book{kayelaby,
  title={{Tables of physical and chemical constants: and some mathematical functions, 12th Ed.}},
  author={Kaye, G.W.C. and Laby, T.H.},
  publisher={Longmans},
  year={1959}
}
@techreport{He18Impr,
  title={{Improvements of impurity line ITER and DEMO via systematic optimisation of atomic structure}},
  author={Henderson, S.S. and Bluteau, M.M. and O’Mullane, M.G. and Summers, H.P.},
  institution={{CCFE}},
  number={{UKAEA-CCFE-PR(18)31}},
  year={2018}
}
@article{He17Opti,
  title={{Optimisation and assessment of theoretical impurity line power coefficients relevant to ITER and DEMO}},
  author={Henderson, S.S. and Bluteau, M. and Foster, A. and Giunta, A. and O’Mullane, M.G. and P{\"u}tterich, T. and Summers, H.P.},
  journal={Plasma Physics and Controlled Fusion},
  volume={59},
  number={5},
  pages={055010},
  year={2017}
}
@misc{omullane,
  title={{Atomic Processes in Plasmas}},
  author={O'Mullane, M.},
  howpublished={{Slides from 45th Culham Plasma Physics Summer School}},
  note={{CCFE intranet, not publicly available}},
  year={2008}
}
@misc{Su06ADAS,
  title={{ADAS: Atomic data, modelling and analysis for fusion}},
  author={Summers, H. and O'Mullane, M. and Whiteford, A.},
  note={{Slides from Meudon}},
  howpublished={\url{https://icamdata2006.obspm.fr/documents/icam_pdf/Summers.pdf}},
  year={2006}
}
@article{Ba03Diel,
  title={{Dielectronic recombination data for dynamic finite-density plasmas-I. Goals and methodology}},
  author={Badnell, N.R. and O'Mullane, M.G. and Summers, H.P. and Altun, Z. and Bautista, M.A. and Colgan, J. and Gorczyca, T.W. and Mitnik, D.M. and Pindzola, M.S. and Zatsarinny, O.},
  journal={Astronomy \& Astrophysics},
  volume={406},
  number={3},
  pages={1151--1165},
  year={2003}
}
@book{brayloughhead,
  title={Sunspots},
  author={Bray, R.J. and Loughhead, R.E.},
  year={1964},
  publisher={Dover Publications}
}
@book{ambartsumyan,
  title={{Theoretical Astrophysics, translated by J.B.Sykes}},
  editor={Ambartsumyan, V.A.},
  year={1958},
  publisher={Pergamon Press}
}
@book{golubpasachoff,
  title={The solar corona, 2nd Edition},
  author={Golub, L. and Pasachoff, J.M.},
  year={2010},
  publisher={Cambridge University Press}
}
@misc{pencilwebsite,
  title={{Pencil Code website}},
  author={{High-order finite-difference code for compressible MHD}},
  howpublished={\url{https://http://pencil-code.nordita.org/}},
  year={2020},
  note={Accessed: June 2020}
}
@misc{othernemowebsite,
  title={{NEMO website}},
  author={{Not Everybody Must Observe, stellar dynamics toolbox}},
  howpublished={\url{https://github.com/teuben/nemo}},
  year={2020},
  note={Accessed: June 2020}
}
@misc{nemowebsite,
  title={{NEMO website}},
  author={{Nucleus for European Modelling of the Ocean Consortium}},
  howpublished={\url{https://www.nemo-ocean.eu/}},
  year={2020},
  note={Accessed: June 2020}
}
@misc{nemocean,
  title={{NEMO ocean engine, Version 4.0.1}},
  author={{Nucleus for European Modelling of the Ocean Consortium}},
  howpublished={\url{https://zenodo.org/record/3878122/files/NEMO_book.pdf?download=1}},
  year={2020},
  note={Accessed: July 2020}
}
@misc{cwipiwebsite,
  title={{CWIPI Coupling With Interpolation Parallel Interface}},
  author={{ONERA}},
  howpublished={\url{https://w3.onera.fr/cwipi/}},
  year={2020},
  note={Accessed: June 2020}
}
@misc{qcgwebsite,
  title={{QCG website}},
  author={{Poznan Supercomputing and Networking Center}},
  howpublished={\url{http://www.qoscosgrid.org/trac/qcg}},
  year={2020},
  note={Accessed: June 2020}
}
@techreport{Ca19Test,
  title={{Test de la fonctionnalit{\'e} ordre {\'e}lev{\'e} du coupleur de codes CWIPI et
Int{\'e}gration dans OpenPALM}},
  author={Casta, R. and Morel, T.},
  number={{TR-CMGC-19-95}},
  year={2019},
  institution={{CERFACS}}
}
@article{Huysmans2007,
    author  = "G.T.A. Huysmans and O. Czarny",
    title   = "{MHD stability in X-point geometry: simulation of ELMs}",
    journal = "Nuclear Fusion 47, 659",
    year    = "2007"}
@article{Czarny2008,
    author  = "O. Czarny and G.T.A. Huysmans",
    title   = "{Bezier surfaces and finite elements for MHD simulations}",
    journal = "J. Computational Phys. 227, 7423",
    year    = "2008"}
@misc{JOREK,
    title  = "JOREK website",
    howpublished = "\url{https://www.jorek.eu/}",
    year    = "2020"}
@misc{MUMPS,
    title  = "MUMPS website",
    howpublished = "\url{http://mumps.enseeiht.fr/}",
    year    = "2020"}
@misc{PASTIX,
    title  = "PASTIX website",
    howpublished = "\url{https://gitlab.inria.fr/solverstack/pastix}",
    year    = "2020"}
@misc{STRUMPACK,
    title  = "STRUMPACK website",
    howpublished = "\url{https://github.com/pghysels/STRUMPACK/}",
    year    = "2020"}
@article{Pamela2019,
    author  = "S. Pamela and G. Huijsmans and A.J. Thornton and A. Kirk and S.F. Smith and M. Hoelzl and T. Eich",
    title   = "{A wall-aligned grid generator for non-linear simulations of MHD instabilities in tokamak plasmas}",
    journal = "Comp. Phys. Comm. 243, 41-50",
    year    = "2019"}
@article{Hoelzl2012,
    author  = "M. Hoelzl and P. Merkel and G.T.A. Huysmans and E. Nardon and E. Strumberger and R. Mc Adams and I. Chapman and S. Gunter and K. Lackner",
    title   = "{Coupling the JOREK and STARWALL Codes for Non-linear Resistive-wall Simulations}",
    journal = "Journal of Physics: Conference Series 401, 012010",
    year    = "2012"}
@article{Artola2018,
    author  = "F.J. Artola and G.T.A. Huijsmans and M. Hoelzl and P. Beyer and A. Loarte and Y. Gribov",
    title   = "{Non-linear magnetohydrodynamic simulations of Edge Localised Modes triggering via vertical oscillations}",
    journal = "Nucl. Fusion 58, 096018",
    year    = "2018"}
@article{Artola2020,
    author  = "F.J. Artola and K.J. Lackner and G.T.A. Huijsmans and M. Hoelzl and E. Nardon and A. Loarte",
    title   = "{Understanding the reduction of the edge safety factor during hot VDEs and fast edge cooling events}",
    journal = "Physics of Plasmas 27, 032501",
    year    = "2020"}
@misc{bout431,
  author       = {Dudson, B.D. and Hill, P.A. and Dickinson, D. and Parker, J.T. and Allen, A. and Breyiannia, G. and Brown, J. and Easy, L. and Farley, S. and Friedman, B. and Grinaker, E. and Izacard, O. and Joseph, I. and Kim, M. and Leconte, M. and Leddy, J. and Løiten, M. and Ma, C. and Madsen, J. and Meyerson, D. and Naylor, P. and Myers, S. and Omotani, J. and Rhee, T. and Sauppe, J. and Savage, K. and Seto, H. and Schwörer, D. and Shanahan, B. and Thomas, M. and Tiwari, S. and Umansky, M. and Walkden, N. and Wang, L. and Wang, Z. and Xi, P. and Xia, T. and Xu, X. and Zhang, H. and Bokshi, A. and Muhammed, H. and Estarellas, M. and Riva, F.},
  title        = {BOUT++ v4.3.1},
  month        = mar,
  year         = 2020,
  version      = {4.3.1},
  doi          = {10.5281/zenodo.3727089},
  howpublished = {\url{https://doi.org/10.5281/zenodo.3727089}}
}
@misc{boutwebsite,
  title={BOUT++ website},
  author={Dudson, B.D.},
  howpublished={\url{https://boutproject.github.io/}},
  year={2020},
  note={Accessed: June 2020}
}
@misc{boutreadthedocs,
  title={BOUT++ ReadTheDocs page},
  author={Dudson, B.D.},
  howpublished={\url{https://bout-dev.readthedocs.io/}},
  year={2020},
  note={Accessed: June 2020}
}
@misc{boutrepo,
  title={BOUT++ repository},
  author={Dudson, B.D.},
  howpublished={\url{https://github.com/boutproject/BOUT-dev}},
  year={2020},
  note={Accessed: June 2020}
}
@misc{flashwebsite,
  title={FLASH website},
  author={Anshu Dubey et al},
  howpublished={\url{flash.uchicago.edu/site/flashcode}},
  year={2020},
  note={Accessed: June 2020}
}
@misc{nektarwebsite,
  title={Nektar++ website},
  author={D. Moxey et al},
  howpublished={\url{https://www.nektar.info}},
  year={2020},
  note={Accessed: June 2020}
}
@article{Du09Exte,
  title={{Extensible component-based architecture for FLASH, a massively parallel, multiphysics simulation code}},
  author={Dubey, A. and Antypas, K. and Ganapathy, M.K. and Reid, L.B. and Riley, K. and Sheeler, D. and Siegel, A. and Weide, K.},
  journal={Parallel Computing},
  volume={35},
  number={10-11},
  pages={512--522},
  year={2009}
}
@article{Mo20Nektexc,
  title={Nektar++: Enhancing the capability and application of high-fidelity spectral/hp element methods},
  author={Moxey, D. and Cantwell, C.D. and Bao, Y. and Cassinelli, A. and Castiglioni, G. and Chun, S. and Juda, E. and Kazemi, E. and Lackhove, K. and Marcon, J. and 
Mengaldo, G. and Serson, D. and Turner, M. and Xu, H. and Peiro, J. and Kirby, R.M. and Sherwin, S.J.},
  journal={Computer Physics Communications},
  volume={249},
  pages={107110},
  year={2020}
}
@inproceedings{Ba12Legi,
  title={Legion: Expressing locality and independence with logical regions},
  author={Bauer, M. and Treichler, S. and Slaughter, E. and Aiken, A.},
  booktitle={SC'12: Proceedings of the International Conference on High Performance Computing, Networking, Storage and Analysis},
  pages={1--11},
  year={2012},
  organization={IEEE}
}
@inproceedings{Mo14Aman,
  title={Amanzi: An Open-Source Multi-process Simulator for Environmental Applications},
  author={Moulton, J.D. and Molins, S. and Johnson, J.N. and Coon, E. and Lipnikov, K. and Day, M. and Barker, E.},
  booktitle={AGU Fall Meeting Abstracts},
  year={2014}
}
@article{Al20Exas,
  author = {Alexander, F. and Almgren, A. and Bell, J. and Bhattacharjee, A. and Chen, J. and Colella, P. and Daniel, D. and DeSlippe, J. and Diachin, L. and Draeger, E. and Dubey, A. and Dunning, T. and Evans, T. and Foster, I. and Francois, M. and Germann, T. and Gordon, M. and Habib, S. and Halappanavar, M. and Hamilton, S. and Hart, W. and (Henry) Huang, Z. and Hungerford, A. and Kasen, D. and Kent, P. R. C. and Kolev, T. and Kothe, D. B. and Kronfeld, A. and Luo, Y. and Mackenzie, P. and McCallen, D. and Messer, B. and Mniszewski, S. and Oehmen, C. and Perazzo, A. and Perez, D. and Richards, D. and Rider, W. J. and Rieben, R. and Roche, K. and Siegel, A. and Sprague, M. and Steefel, C. and Stevens, R. and Syamlal, M. and Taylor, M. and Turner, J. and Vay, J.-Luc and Voter, A. F. and Windus, T. L. and Yelick, K. },
  title = {Exascale applications: skin in the game},
  journal = {Philosophical Transactions of the Royal Society A: Mathematical, Physical and Engineering Sciences},
  volume = {378},
  number = {2166},
  pages = {20190056},
  year = {2020},
  howpublished = "\url{https://royalsocietypublishing.org/doi/abs/10.1098/rsta.2019.0056}"
}
@article{Gr19Mast,
  title={Mastering the scales: a survey on the benefits of multiscale computing software},
  author={Groen, D. and Knap, J. and Neumann, P. and Suleimenova, D. and Veen, L. and Leiter, K.},
  journal={Philosophical Transactions of the Royal Society A},
  volume={377},
  number={2142},
  pages={20180147},
  year={2019},
}
@article{Va16Alya,
  title={Alya: Multiphysics engineering simulation toward exascale},
  author={V{\'a}zquez, M. and Houzeaux, G. and Koric, S. and Artigues, A. and Aguado-Sierra, J. and Ar{\'\i}s, R. and Mira, D. and Calmet, H. and Cucchietti, F. and Owen, H. and Taha, A. and Burness, E.D. and Cela, J.M.  and Valero, M.},
  journal={Journal of computational science},
  volume={14},
  pages={15--27},
  year={2016}
}
@article{Gu18Newh,
  title={New high performance computing software for multiphysics simulations of fusion reactors},
  author={Gutierrez-Milla, A. and Mantsinen, M. and Avila, M. and Houzeaux, G. and Riera-Auge, C. and S{\'a}ez, X.},
  journal={Fusion Engineering and Design},
  volume={136},
  pages={639--644},
  year={2018}
}
@article{Bo16Pres,
  title={{Presentation of the new SOLPS-ITER code package for tokamak plasma edge modelling}},
  author={Bonnin, X. and Dekeyser, W. and Pitts, R. and Coster, D. and Voskoboynikov, S. and Wiesen, S.},
  journal={Plasma and Fusion Research},
  volume={11},
  pages={1403102--1403102},
  year={2016}
}
@misc{pp20,
  title={{SIAM PP20 Meeting programme and abstracts}},
  howpublished="\url{https://www.siam.org/Portals/0/Conferences/PP20/PP20_PROGRAM_COLOR_V4_with_abstracts.pdf?ver=2020-02-06-095558-400}",
  note={{Online; accessed June 2020}},
  year={2020}
}
@article{Co16Mana,
  title={Managing complexity in simulations of land surface and near-surface processes},
  author={Coon, E.T. and Moulton, J.D. and Painter, S.L.},
  journal={Environmental modelling \& software},
  volume={78},
  pages={134--149},
  year={2016}
}
@article{Sc04Leve,
  title={Leveraging application frameworks},
  author={Schmidt, D.C. and Gokhale, A. and Natarajan, B.},
  journal={Queue},
  volume={2},
  number={5},
  pages={pp20--75},
  howpublished="\url{https://doi.org/10.1145/1016998.1017005}",
  year={2004}
}
@misc{turbtp,
  title={{Multiscale turbulent dynamics of tokamak plasmas}},
  howpublished="\url{https://gow.epsrc.ukri.org/NGBOViewGrant.aspx?GrantRef=EP/R034737/1}",
  note={{Online; accessed May 2020}},
  year={2020}
}
@misc{etasc,
  title={{EUROfusion Theory and Advanced Simulation Coordination (E-TASC)}},
  howpublished="\url{https://www.euro-fusion.org/programme/iter-physics/}",
  note={{Online; accessed May 2020}},
  year={2020}
}
@misc{ecp,
  title={{Exascale Computing Project (ECP)}},
  howpublished="\url{https://www.exascaleproject.org/}",
  note={{Online; accessed May 2020}},
  year={2020}
}
@article{Sh19Full,
  title={Full-f gyrokinetic simulation of turbulence in a helical open-field-line plasma},
  author={Shi, E. L. and Hammett, G. W. and Stoltzfus-Dueck, T. and Hakim, A. },
  journal={Physics of Plasmas},
  volume={26},
  number={1},
  pages={012307},
  year={2019}
}
@misc{ceed25,
  title={{ceed25}},
  howpublished="\url{https://ceed.exascaleproject.org/docs/ceed-ms25-report.pdf}",
  note={{Online; accessed May 2020}},
  year={2020}
}
@misc{proxies,
  title={{Proxy Applications}},
  howpublished="\url{https://proxyapps.exascaleproject.org}",
  note={{Online; accessed May 2020}},
  year={2020}
}
@article{Vo91Flui,
  title={Fluid model equations for the tokamak plasma edge},
  author={Vold, E.L. and Najmabadi, F. and Conn, R.W.},
  journal={Physics of Fluids B: Plasma Physics},
  volume={3},
  number={11},
  pages={3132--3152},
  year={1991}
}
@article{Ca10Tran,
  title={Transport equations in tokamak plasmas},
  author={Callen, J.D. and Hegna, C.C. and Cole, A.J.},
  journal={Physics of Plasmas},
  volume={17},
  number={5},
  pages={056113},
  year={2010}
}
@book{vandervorst,
  title={{Iterative Krylov Methods for Large Linear Systems}},
  author={van der Vorst, H.A.},
  year={2003},
  publisher={Oxford}
}
@book{thompson,
  title={{An Introduction to Plasma Physics}},
  author={Thompson, W.B.},
  year={1962},
  publisher={Pergamon}
}
@TECHREPORT{pappeqs,
  AUTHOR = {Arter, W.},
  TITLE = "{Equations for EXCALIBUR/NEPTUNE Proxyapps}",
  NUMBER = "{CD/EXCALIBUR-FMS/0021-1.00-M1.2.1}",
  NOTE={10/3/20},
  INSTITUTION={UKAEA},
  YEAR = 2020
}
@TECHREPORT{charter,
  AUTHOR = {Arter, W.},
  TITLE = "{EXCALIBUR NEPTUNE Charter}",
  NUMBER = "{CD/EXCALIBUR-FMS/0020}",
  NOTE={30/6/20, for procurement 7/9/20},
  INSTITUTION={UKAEA},
  YEAR = 2020
}
@TECHREPORT{y1re111a,
  AUTHOR = {Samaddar, D.},
  TITLE = "{NEPTUNE: Report on Y1 2019 Internal Workshop}",
  NUMBER = "{CD/EXCALIBUR-FMS/0018-M1.1.1a}",
  NOTE={10/3/20, RA 12/3/20},
  INSTITUTION={UKAEA},
  YEAR = 2020
}
@TECHREPORT{y1re111b,
  AUTHOR = {Samaddar, D.},
  TITLE = "{NEPTUNE: Report on Y1 2020 External Workshop (REPORT1)}",
  NUMBER = "{CD/EXCALIBUR-FMS/0010-M1.1.1b}",
  NOTE={10/3/20, RA 12/3/20},
  INSTITUTION={UKAEA},
  YEAR = 2020
}
@TECHREPORT{y1re121,
  AUTHOR = {Arter, W. and Anton, L. and Samaddar, D.},
  TITLE = "{Year One Summary Report}",
  NUMBER = "{CD/EXCALIBUR-FMS/0011-1.00-M1.2.1}",
  NOTE={10/3/20},
  INSTITUTION={UKAEA},
  YEAR = 2020
}
@TECHREPORT{y1re211,
  AUTHOR = {Arter, W. and Anton, L. and Samaddar, D.},
  TITLE = "{Options for Geometry Representation}",
  NUMBER = "{CD/EXCALIBUR-FMS/0012-1.00-M2.1.1}",
  NOTE={10/3/20},
  INSTITUTION={UKAEA},
  YEAR = 2020
}
@TECHREPORT{y1re231,
  AUTHOR = {Arter, W. and Anton, L. and Samaddar, D.},
  TITLE = "{Options for Particle Algorithms}",
  NUMBER = "{CD/EXCALIBUR-FMS/0013-1.01-M2.3.1}",
  NOTE={5/9/20},
  INSTITUTION={UKAEA},
  YEAR = 2020
}
@TECHREPORT{y1re231v1.00,
  AUTHOR = {Arter, W. and Anton, L. and Samaddar, D.},
  TITLE = "{Options for Particle Algorithms}",
  NUMBER = "{CD/EXCALIBUR-FMS/0013-1.00-M2.3.1}",
  NOTE={10/3/20},
  INSTITUTION={UKAEA},
  YEAR = 2020
}
@TECHREPORT{y1re311,
  AUTHOR = {Anton, L.},
  TITLE = "{NEPTUNE: Report on system requirements}",
  NUMBER = "{CD/EXCALIBUR-FMS/0014-1.00-M3.1.1}",
  NOTE={10/3/20, LA and RA 11/3/20},
  INSTITUTION={UKAEA},
  YEAR = 2020
}
@TECHREPORT{y1re331,
  AUTHOR = {Anton, L.},
  TITLE = "{NEPTUNE: Background information and user requirements for design patterns}",
  NUMBER = "{CD/EXCALIBUR-FMS/0015-1.00-M3.3.1}",
  NOTE={10/3/20, LA and RA 12/3/20},
  INSTITUTION={UKAEA},
  YEAR = 2020
}
@TECHREPORT{y1re351,
  AUTHOR = {Anton, L.},
  TITLE = "{Benchmarking requirements for NEPTUNE and available tools}",
  NUMBER = "{CD/EXCALIBUR-FMS/0016-1.00-M3.5.1}",
  NOTE={10/3/20, LA and RA 12/3/20},
  INSTITUTION={UKAEA},
  YEAR = 2020
}
@TECHREPORT{sciplan,
  AUTHOR = {Arter, W. and Anton, L. and  Samaddar, D. and Akers, R.},
  TITLE = "{ExCALIBUR Fusion Modelling System Science Plan}",
  NUMBER = "{CD/EXCALIBUR-FMS/0001}",
  NOTE={29/11/19, WA 21/10/19, RA 22/10/19 and 27/11/19, AV 14/11/19, MOB 1/12/19},
  INSTITUTION={UKAEA},
  YEAR = 2019
}
@TECHREPORT{y12acts,
  AUTHOR = {Arter, W. and Anton, L. and  Samaddar, D. and Akers, R.},
  TITLE = "{ExCALIBUR Fusion Modelling System Activities Y1-2}",
  NUMBER = "{CD/EXCALIBUR-FMS/0004}",
  NOTE={29/9/19, WA 28/11/19, MOB 1/12/19},
  INSTITUTION={UKAEA},
  YEAR = 2019
}
@book{mcdaniel,
  title={{Collision Phenomena in Ionized Gases}},
  author={McDaniel, E.W.},
  year={1964},
  publisher={Wiley}
}
@book{duderstadtmartin,
  title={{Transport Theory}},
  author={Duderstadt, J.J. and Martin, W.R.},
  year={1979},
  publisher={Wiley}
}
@article{Fe19gene,
  title={A general preconditioning framework for coupled multiphysics problems with application to contact-and poro-mechanics},
  author={Ferronato, M. and Franceschini, A. and Janna, C. and Castelletto, N. and Tchelepi, H.A.},
  journal={Journal of Computational Physics},
  volume={398},
  pages={108887},
  year={2019}
}
@article{Ke19Hier,
  title={Hierarchical algorithms on hierarchical architectures},
  author={Keyes, D.E. and Ltaief, H. and Turkiyyah, G.},
  journal={Philosophical Transactions of the Royal Society A},
  volume={378},
  number={2166},
  pages={20190055},
  year={2020}
}
@phdthesis{taitano,
  title={{Development of a Jacobian-free Newton-Krylov method with kinetic enslavement to implicitly solve Vlasov-Poisson system in plasma physics}},
  author={Taitano, W.T.},
  year={2010},
  school={University of Idaho},
  note="\url{http://dx.doi.org/10.13140/RG.2.1.3400.0244}"
}
@article{Ya16ToCG,
  title={{To CG or to HDG: a comparative study in 3D}},
  author={Yakovlev, S. and Moxey, D. and Kirby, R.M. and Sherwin, S.J.},
  journal={Journal of Scientific Computing},
  volume={67},
  number={1},
  pages={192--220},
  year={2016}
}
@article{Ap18Equi,
  title={Equilibrium reconstruction in an iron core tokamak using a deterministic magnetisation model},
  author={Appel, L.C. and Lupelli, I. and JET Contributors},
  journal={Computer Physics Communications},
  volume={223},
  pages={1--17},
  year={2018},
  publisher={Elsevier}
}
@article{Xi03Mode,
  title={Modeling uncertainty in flow simulations via generalized polynomial chaos},
  author={Xiu, D. and Karniadakis, G. E.},
  journal={Journal of computational physics},
  volume={187},
  number={1},
  pages={137--167},
  year={2003}
}
@book{chinestaetal,
  title={The proper generalized decomposition for advanced numerical simulations: a primer},
  author={Chinesta, F. and Keunings, R. and Leygue, A.},
  year={2013},
  publisher={Springer}
}
@article{Ha17Redu,
  title={Reduced basis methods for parametrized PDEs—a tutorial introduction for stationary and instationary problems},
  author={Haasdonk, B.},
  journal={Model reduction and approximation: theory and algorithms},
  volume={15},
  pages={65},
  year={2017},
  note="\url{https://pnp.mathematik.uni-stuttgart.de/ians/haasdonk/publications/RBtutorial_preprint_update_with_header.pdf}"
}
@book{bruntonkutz,
  title={Data-driven science and engineering: Machine learning, dynamical systems, and control},
  author={Brunton, S.L. and Kutz, J.N.},
  year={2019},
  publisher={CUP}
}
@article{Ch11Ener,
  title={An energy-and charge-conserving, implicit, electrostatic particle-in-cell algorithm},
  author={Chen, G. and Chacon, L. and Barnes, D.C.},
  journal={Journal of Computational Physics},
  volume={230},
  number={18},
  pages={7018--7036},
  year={2011}
}
@article{Si18Comp,
  title={Comparison of Preconditioning Strategies in Energy Conserving Implicit Particle in Cell Methods},
  author={Siddi, L. and Cazzola, E. and Lapenta, G.},
  journal={Communications in Computational Physics},
  volume={24},
  number={3},
  pages={672--694},
  year={2018}
}
@article{Ha18Mult,
  title={Multilevel and Multi-index Monte Carlo methods for the McKean--Vlasov equation},
  author={Haji-Ali, A.-L. and Tempone, R.},
  journal={Statistics and Computing},
  volume={28},
  number={4},
  pages={923--935},
  year={2018}
}
@unpublished{Ri15Mult,
  title={{A multilevel Monte Carlo method for a class of McKean-Vlasov processes}},
  author={Ricketson, L.F.},
  note={{arXiv preprint arXiv:1508.02299}},
  year={2015}
}
@article{Ro14Mult,
  title={Multilevel monte carlo simulation of coulomb collisions},
  author={Rosin, M.S. and Ricketson, L.F. and Dimits, A.M. and Caflisch, R.E. and Cohen, B.I.},
  journal={Journal of Computational Physics},
  volume={274},
  pages={140--157},
  year={2014}
}
@article{Ri19ener,
  title={An energy-conserving and asymptotic-preserving charged-particle orbit implicit time integrator for arbitrary electromagnetic fields},
  author={Ricketson, L.F. and Chacon, L.},
  journal={arXiv preprint arXiv:1904.09478},
  year={2019}
}
@article{Ch17Mult,
  title={Multiscale high-order/low-order (HOLO) algorithms and applications},
  author={Chacon, L. and Chen, G. and Knoll, D.A. and Newman,C. and Park,H. and Taitano, W. and Willert, J.A. and Womeldorff, G.},
  journal={Journal of Computational Physics},
  volume={330},
  pages={21--45},
  year={2017}
}
@article{Ma14Flui,
  title={The fluid-kinetic particle-in-cell method for plasma simulations},
  author={Markidis, S. and Henri, P. and Lapenta, G. and R{\"o}nnmark, K. and Hamrin, M. and Meliani, Z. and Laure, E.},
  journal={Journal of Computational Physics},
  volume={271},
  pages={415--429},
  year={2014}
}
@phdthesis{jtparker,
  title={Gyrokinetic simulations of fusion plasmas using a spectral velocity space representation},
  author={Parker, J.T.},
  school={Oxford University},
  year=2015
}
@article{Ve16Spec,
  title={SpectralPlasmaSolver: a spectral code for multiscale simulations of collisionless, magnetized plasmas},
  author={Vencels, J. and Delzanno, G.L. and Manzini, G. and Markidis, S. and Peng, I.B. and Roytershteyn, V.},
  journal={Journal of Physics: Conference Series},
  volume={719},
  number={1},
  pages={012022},
  year={2016}
}
@article{Pa18Vlas,
  title={Vlasov methods in space physics and astrophysics},
  author={Palmroth, M. and Ganse, U. and Pfau-Kempf, Y. and Battarbee, M. and Turc, L. and Brito, T. and Grandin, M. and Hoilijoki, S. and Sandroos, A. and von Alfthan, S.},
  journal={Living reviews in computational astrophysics},
  volume={4},
  number={1},
  pages={1},
  year={2018}
}
@article{Mo20Nekt,
  title={Nektar++: enhancing the capability and application of high-fidelity spectral/hp element methods},
  author={Moxey, D. and Cantwell, C.D. and Bao, Y. and Cassinelli, A. and Castiglioni, G. and Chun, S. and Juda, E. and Kazemi, E. and Lackhove, K. and Marcon, J. and others},
  journal={Computer Physics Communications},
  volume={249},
  pages={107110},
  year={2020}
}
@book{farin,
  title={{Curves and surfaces for computer aided geometric design}},
  author={Farin, G.},
  year={{1990, 5th Edition 2002}},
  publisher={Academic Press Professional, Inc. San Diego, CA, USA}
}
@article{Mi16part,
  title={Particle-in-cell modeling of spacecraft-plasma interaction effects on double-probe electric field measurements},
  author={Miyake, Y. and Usui, H.},
  journal={Radio Science},
  volume={51},
  number={12},
  pages={1905--1922},
  year={2016}
}
@article{Ge09gmsh,
  title={Gmsh: A 3-D finite element mesh generator with built-in pre-and post-processing facilities},
  author={Geuzaine, C. and Remacle, J.-F.},
  journal={International journal for numerical methods in engineering},
  volume={79},
  number={11},
  pages={1309--1331},
  year={2009}
}
@book{encyclcompmech,
  title={Encyclopedia of Computational Mechanics},
  author={de Borst, R. and Hughes, T.J.R. and Stein, E.},
  year={2018},
  publisher={Wiley}
}
@incollection{Do18Arbi,
  title={Arbitrary Lagrangian--Eulerian Methods},
  author={Donea, J. and Huerta, A. and Ponthot, J.-Philippe and Rodr{\'\i}guez-Ferran, A.},
  booktitle={Encyclopedia of Computational Mechanics Second Edition},
  editor={de Borst, R. and Hughes, T.J.R. and Stein, E.},
  pages={339--361},
  volume={1},
  year={2018},
  publisher={Wiley Online Library}
}
@article{Ro19Univ,
  title={Universal formulation of central-moments-based lattice Boltzmann method with external forcing for the simulation of multiphysics phenomena},
  author={De Rosis, A. and Huang, R. and Coreixas, C.},
  journal={Physics of Fluids},
  volume={31},
  number={11},
  pages={117102},
  year={2019}
}
@incollection{Hu18Math,
  title={Mathematics of isogeometric analysis: a conspectus},
  author={Hughes, T.J.R. and Sangalli, G.},
  booktitle={Encyclopedia of Computational Mechanics Second Edition},
  editor={de Borst, R. and Hughes, T.J.R. and Stein, E.},
  pages={589--628},
  volume={2},
  year={2018},
  publisher={Wiley Online Library}
}
@article{Ya20Full,
  title={A full-field simulation methodology for sonic boom modeling on adaptive Cartesian cut-cell meshes},
  author={Yamashita, R. and Wutschitz, L. and Nikiforakis, N.},
  journal={Journal of Computational Physics},
  pages={109271},
  year={2020}
}
@article{Mi20Mult,
  title={Multi-physics simulations of lightning strike on elastoplastic substrates},
  author={Millmore, S. and Nikiforakis, N.},
  journal={Journal of Computational Physics},
  volume={405},
  pages={109142},
  year={2020}
}
@article{Go18Dime,
  title={A dimensionally split Cartesian cut cell method for hyperbolic conservation laws},
  author={Gokhale, N. and Nikiforakis, N. and Klein, R.},
  journal={Journal of Computational Physics},
  volume={364},
  pages={186--208},
  year={2018}
}
@article{Mo16Eige,
  title={Eigensolution analysis of spectral/hp continuous Galerkin approximations to advection--diffusion problems: Insights into spectral vanishing viscosity},
  author={Moura, R.C. and Sherwin, S.J. and Peir{\'o}, J.},
  journal={Journal of Computational Physics},
  volume={307},
  pages={401--422},
  year={2016}
}
@article{Mo15Line,
  title={Linear dispersion--diffusion analysis and its application to under-resolved turbulence simulations using discontinuous Galerkin spectral/hp methods},
  author={Moura, R.C. and Sherwin, S.J. and Peir{\'o}, J.},
  journal={Journal of Computational Physics},
  volume={298},
  pages={695--710},
  year={2015}
}
@article{Mo19Spat,
  title={Spatial eigenanalysis of spectral/hp continuous Galerkin schemes and their stabilisation via DG-mimicking spectral vanishing viscosity: Application to high Reynolds number flows},
  author={Moura, R. and Aman, M. and Peir{\'o}, J. and Sherwin, S.},
  journal={Journal of Computational Physics},
  pages={109112},
  year={2019}
}
@article{Fe19Nonm,
  title={Non-modal analysis of spectral element methods: Towards accurate and robust large-eddy simulations},
  author={Fernandez, P. and Moura, R.C. and Mengaldo, G. and Peraire, J.},
  journal={Computer Methods in Applied Mechanics and Engineering},
  volume={346},
  pages={43--62},
  year={2019}
}
@techreport{He16Repo,
  title={Report of the 2014 programming models and environments summit},
  author={Heroux, M. and Lethin, R.},
  year={2016},
  institution={US Dept. of Energy, Washington, DC (United States)}
}
@article{Do20Nume,
  title={Numerical algorithms for high-performance computational science},
  author={Dongarra, J. and Grigori, L. and Higham, N.J.},
  journal={Philosophical Transactions of the Royal Society A},
  volume={378},
  number={2166},
  pages={20190066},
  year={2020}
}
@article{La18Cros,
  title={Crossing the chasm: how to develop weather and climate models for next generation computers?},
  author={Lawrence, B.N. and Rezny, M. and Budich, R. and Bauer, P. and Behrens, J. and Carter, M. and Deconinck, W. and Ford, R. and Maynard, C. and Mullerworth, S. and others},
  journal={Geoscientific Model Development},
  volume={11},
  number={5},
  pages={1799--1821},
  year={2018}
}
@techreport{ecss40exc,
  title={{ECSS-E-ST-40C – Software (6 March 2009)}},
  author={Drabbe, J.},
  year={2009},
  note={\url{https://ecss.nl/standard/ecss-e-st-40c-software-general-requirements/}},
  institution={{ESA}}
}
@article{Du17Herm,
  title={Hermes: global plasma edge fluid turbulence simulations},
  author={Dudson, B.D. and Leddy, J.},
  journal={Plasma Physics and Controlled Fusion},
  volume={59},
  number={5},
  pages={054010},
  year={2017}
}
@book{hewittexc,
  title={{Semantic Software Design: A New Theory and Practical Guide for Modern Architects}},
  author={Hewitt, E.},
  year={2019},
  publisher={O'Reilly Media}
}
